@article{murata1989petri,
  title={{Petri Nets: Properties, Analysis and Applications}},
  author={Murata, Tadao},
  journal={Proceedings of the IEEE},
  volume={77},
  number={4},
  pages={541--580},
  year={1989},
  publisher={IEEE}
}

@book{desel2005free,
	title={{Free Choice Petri Nets}},
	author={Desel, Jörg and Esparza, Javier},
	volume={40},
	year={2005},
	publisher={{Cambridge University Press}}
}

@book{rumpe2017monticore,
	title={{MontiCore 5 Language Workbench. Edition 2017}},
	author={Rumpe, Bernhard and H{\"o}lldobler, Katrin},
	year={2017},
	publisher={{Shaker Verlag}}
}

@article{dickson1913finiteness,
	ISSN = {00029327, 10806377},
	URL = {http://www.jstor.org/stable/2370405},
	author = {Leonard Eugene Dickson},
	journal = {American Journal of Mathematics},
	number = {4},
	pages = {413--422},
	publisher = {Johns Hopkins University Press},
	title = {Finiteness of the Odd Perfect and Primitive Abundant Numbers with $n$ Distinct Prime Factors},
	volume = {35},
	year = {1913}
}

@article{commoner1971marked,
	title={{Marked Directed Graphs}},
	author={Commoner, Frederic and Holt, Anatol W. and Even, Shimon and Pnueli, Amir},
	journal={Journal of Computer and System Sciences},
	volume={5},
	number={5},
	pages={511--523},
	year={1971},
	publisher={Academic Press}
}

@techreport{varpaaniemi1995prod,
	title={{PROD Reference Manual}},
	author={Varpaaniemi, Kimmo and Halme, Jaakko and Hiekkanen, Kari and Pyssysalo, Tino},
	year={1995},
	institution={Helsinki University of Technology},
	number={B13},
}

@article{barros2007use,
	title={{On the Use of Programming Languages for Textual Specification of Petri Net Models}},
	author={Barros, João Paulo and Gomes, Luís},
	journal={Petri Net Newsletter (Newsletter of the Special Interest Group on Petri Nets and Related System Models},
	year={2007}
}

@inproceedings{matcovschi2003petri,
	title={{Petri Net Toolbox for MATLAB}},
	author={Matcovschi, Mihaela-Hanako and Mahulea, Cristian and Pastravanu, Octavian},
	booktitle={11th IEEE Mediterranean Conference on Control and Automation MED'03},
	year={2003}
}

@article{chaouiya2007petri,
	title={{Petri Net Modelling of Biological Networks}},
	author={Chaouiya, Claudine},
	journal={Briefings in bioinformatics},
	volume={8},
	number={4},
	pages={210--219},
	year={2007},
	publisher={Oxford University Press}
}

@inproceedings{yakovlev1996petri,
	title={{Petri Nets and Digital Hardware Design}},
	author={Yakovlev, Alexandre V and Koelmans, Albert M},
	booktitle={Advanced Course on Petri Nets},
	pages={154--236},
	year={1996},
	organization={Springer}
}

@article{parr1995antlr,
	title={{ANTLR: A Predicated-$LL(k)$ Parser Generator}},
	author={Parr, Terence J. and Quong, Russell W.},
	journal={Software: Practice and Experience},
	volume={25},
	number={7},
	pages={789--810},
	year={1995},
	publisher={Wiley Online Library}
}

@article{gansner2000open,
	title={{An open graph visualization system and its applications to software engineering}},
	author={Gansner, Emden R and North, Stephen C},
	journal={Software: Practice and Experience},
	volume={30},
	number={11},
	pages={1203--1233},
	year={2000},
	publisher={Wiley Online Library}
}

@inproceedings{kemper1992efficient,
	title={{An Efficient Polynomial-Time Algorithm to Decide Liveness and Boundedness of Free-Choice Nets}},
	author={Kemper, Peter and Bause, Falko},
	booktitle={International Conference on Application and Theory of Petri Nets},
	pages={263--278},
	year={1992},
	organization={Springer}
}

@book{schindler2012werkzeuginfrastruktur,
	title={{Eine Werkzeuginfrastruktur zur Agilen Entwicklung mit der UML/P}},
	author={Schindler, Martin},
	volume={11},
	year={2012},
	publisher={RWTH Aachen University, Germany}
}

@article{karsai2014design,
	title={{Design Guidelines for Domain Specific Languages}},
	author={Karsai, Gabor and Krahn, Holger and Pinkernell, Claas and Rumpe, Bernhard and Schindler, Martin and V{\"o}lkel, Steven},
	journal={arXiv preprint arXiv:1409.2378},
	year={2014}
}

@book{diestel1996graphentheorie,
	title={{Graphentheorie (Elektronische Ausgabe 2006)}},
	author={Diestel, Reinhard},
	journal={Springer-Verlag Heidelberg},
	volume={2000},
	pages={2006},
	year={1996}
}

@book{zimmermann2007stochastic,
	title={{Stochastic Discrete Event Systems}},
	author={Zimmermann, Armin},
	year={2007},
	publisher={Springer}
}